@misc{uiowa_mercury,
  author       = {{University of Iowa}},
  title        = {{7B10.20 - Spectral Lines/Spectroscopy - Mercury Emission Lines}},
  howpublished = {Instructional Resources Physics},
  url          = {https://instructional-resources.physics.uiowa.edu/demos/7b1020-spectral-linesspectroscopy-mercury-emission-lines},
  note         = {Retrieved May 27, 2025},
  year         = {n.d.}
}

@book{hecht_optics,
  author    = {Hecht, Eugene},
  title     = {Optics},
  edition   = {5},
  year      = {2017},
  publisher = {Pearson Education}
}